% This file was created with JabRef 2.10.
% Encoding: Cp1252


@Article{carstensen2011predictive,
  Title                    = {Predictive ability of business cycle indicators under test: A case study for the euro area industrial production},
  Author                   = {Carstensen, Kai and Wohlrabe, Klaus and Ziegler, Christina},
  Journal                  = {Jahrb{\"u}cher f{\"u}r National{\"o}konomie und Statistik},
  Year                     = {2011},
  Pages                    = {82--106},

  Publisher                = {JSTOR}
}

@Article{clark2006using,
  Title                    = {Using out-of-sample mean squared prediction errors to test the martingale difference hypothesis},
  Author                   = {Clark, Todd E and West, Kenneth D},
  Journal                  = {Journal of Econometrics},
  Year                     = {2006},
  Number                   = {1},
  Pages                    = {155--186},
  Volume                   = {135},

  Publisher                = {Elsevier}
}

@Article{hansen2005test,
  Title                    = {A test for superior predictive ability},
  Author                   = {Hansen, Peter Reinhard},
  Journal                  = {Journal of Business \& Economic Statistics},
  Year                     = {2005},
  Number                   = {4},
  Volume                   = {23}
}

@Article{politis1994stationary,
  Title                    = {The stationary bootstrap},
  Author                   = {Politis, Dimitris N and Romano, Joseph P},
  Journal                  = {Journal of the American Statistical association},
  Year                     = {1994},
  Number                   = {428},
  Pages                    = {1303--1313},
  Volume                   = {89},

  Publisher                = {Taylor \& Francis Group}
}

@Article{white2000reality,
  Title                    = {A reality check for data snooping},
  Author                   = {White, Halbert},
  Journal                  = {Econometrica},
  Year                     = {2000},
  Number                   = {5},
  Pages                    = {1097--1126},
  Volume                   = {68},

  Publisher                = {Wiley Online Library}
}

